go run ./logger/main.go
{"success":true,"ret_msg":"","conn_id":"7e724593-c447-4f3f-8c12-9efc4beb7bd7","request":{"op":"subscribe","args":["trade.BTCUSD"]}}
{"topic":"trade.BTCUSD","data":[{"trade_time_ms":1619392246660,"timestamp":"2021-04-25T23:10:46.000Z","symbol":"BTCUSD","side":"Buy","size":10000,"price":48590.5,"tick_direction":"ZeroPlusTick","trade_id":"2bf5fc26-b695-508a-b51a-8e731b19ec3c","cross_seq":6166835249}]}
{"topic":"trade.BTCUSD","data":[{"trade_time_ms":1619392247372,"timestamp":"2021-04-25T23:10:47.000Z","symbol":"BTCUSD","side":"Buy","size":71,"price":48590.5,"tick_direction":"ZeroPlusTick","trade_id":"a695a30f-c3b0-5954-9004-76152fe9af6e","cross_seq":6166835322}]}
{"topic":"trade.BTCUSD","data":[{"trade_time_ms":1619392247592,"timestamp":"2021-04-25T23:10:47.000Z","symbol":"BTCUSD","side":"Buy","size":398,"price":48590.5,"tick_direction":"ZeroPlusTick","trade_id":"a72d30a9-7895-526c-a681-fe01cb9dd048","cross_seq":6166835345}]}
{"topic":"trade.BTCUSD","data":[{"trade_time_ms":1619392248207,"timestamp":"2021-04-25T23:10:48.000Z","symbol":"BTCUSD","side":"Buy","size":561,"price":48590.5,"tick_direction":"ZeroPlusTick","trade_id":"2f8998b1-e84e-542d-baf9-b46aca43c4af","cross_seq":6166835451}]}
{"topic":"trade.BTCUSD","data":[{"trade_time_ms":1619392248893,"timestamp":"2021-04-25T23:10:48.000Z","symbol":"BTCUSD","side":"Buy","size":3448,"price":48590.5,"tick_direction":"ZeroPlusTick","trade_id":"25858464-63c9-5a63-95ca-3e78c3522db6","cross_seq":6166835544},{"trade_time_ms":1619392248960,"timestamp":"2021-04-25T23:10:48.000Z","symbol":"BTCUSD","side":"Sell","size":989,"price":48590,"tick_direction":"MinusTick","trade_id":"a3f7eb13-35b1-5be6-a231-dbf3ea260a39","cross_seq":6166835544}]}
{"topic":"trade.BTCUSD","data":[{"trade_time_ms":1619392249098,"timestamp":"2021-04-25T23:10:49.000Z","symbol":"BTCUSD","side":"Buy","size":200000,"price":48590.5,"tick_direction":"PlusTick","trade_id":"85ca4a1c-340b-5b07-9c46-0dd2e4b0c053","cross_seq":6166835562}]}
{"topic":"trade.BTCUSD","data":[{"trade_time_ms":1619392251050,"timestamp":"2021-04-25T23:10:51.000Z","symbol":"BTCUSD","side":"Sell","size":1000,"price":48590,"tick_direction":"MinusTick","trade_id":"c45a278c-5151-5e73-8671-de778d3f8d8a","cross_seq":6166836091}]}
{"topic":"trade.BTCUSD","data":[{"trade_time_ms":1619392251548,"timestamp":"2021-04-25T23:10:51.000Z","symbol":"BTCUSD","side":"Buy","size":2000,"price":48590.5,"tick_direction":"PlusTick","trade_id":"6808f7a9-c4c5-5cf0-a249-0376b35a9070","cross_seq":6166836138},{"trade_time_ms":1619392251548,"timestamp":"2021-04-25T23:10:51.000Z","symbol":"BTCUSD","side":"Buy","size":1000,"price":48590.5,"tick_direction":"ZeroPlusTick","trade_id":"ca1f8685-a79d-5c23-b863-9f421887967f","cross_seq":6166836138},{"trade_time_ms":1619392251548,"timestamp":"2021-04-25T23:10:51.000Z","symbol":"BTCUSD","side":"Buy","size":47000,"price":48590.5,"tick_direction":"ZeroPlusTick","trade_id":"2a18a560-3392-5726-891e-0ac5a1dd8dc9","cross_seq":6166836138}]}
{"topic":"trade.BTCUSD","data":[{"trade_time_ms":1619392252147,"timestamp":"2021-04-25T23:10:52.000Z","symbol":"BTCUSD","side":"Sell","size":11,"price":48590,"tick_direction":"MinusTick","trade_id":"54055af6-d73d-5eb3-a8e7-13c879f74ae6","cross_seq":6166836535},{"trade_time_ms":1619392252148,"timestamp":"2021-04-25T23:10:52.000Z","symbol":"BTCUSD","side":"Sell","size":4,"price":48590,"tick_direction":"ZeroMinusTick","trade_id":"2c769500-feb4-52bb-9c9b-93d0a0b43c29","cross_seq":6166836535},{"trade_time_ms":1619392252149,"timestamp":"2021-04-25T23:10:52.000Z","symbol":"BTCUSD","side":"Sell","size":3,"price":48590,"tick_direction":"ZeroMinusTick","trade_id":"b9f2158a-65fd-52a7-b952-473143b5bf2f","cross_seq":6166836535},{"trade_time_ms":1619392252149,"timestamp":"2021-04-25T23:10:52.000Z","symbol":"BTCUSD","side":"Sell","size":3,"price":48590,"tick_direction":"ZeroMinusTick","trade_id":"77759ace-cd3e-59e4-99a9-c7f934fb68b0","cross_seq":6166836535},{"trade_time_ms":1619392252150,"timestamp":"2021-04-25T23:10:52.000Z","symbol":"BTCUSD","side":"Sell","size":1,"price":48590,"tick_direction":"ZeroMinusTick","trade_id":"6bc67978-a12d-5b8c-a72d-cdc9287b4603","cross_seq":6166836535},{"trade_time_ms":1619392252151,"timestamp":"2021-04-25T23:10:52.000Z","symbol":"BTCUSD","side":"Sell","size":1,"price":48590,"tick_direction":"ZeroMinusTick","trade_id":"fbfa637f-83ac-5326-a292-f1035e930a24","cross_seq":6166836535},{"trade_time_ms":1619392252155,"timestamp":"2021-04-25T23:10:52.000Z","symbol":"BTCUSD","side":"Sell","size":1,"price":48590,"tick_direction":"ZeroMinusTick","trade_id":"b7a2eece-3f52-5761-849a-2f58e43229f3","cross_seq":6166836535},{"trade_time_ms":1619392252158,"timestamp":"2021-04-25T23:10:52.000Z","symbol":"BTCUSD","side":"Sell","size":1,"price":48590,"tick_direction":"ZeroMinusTick","trade_id":"479a6750-653d-56dc-8cbb-45cdbcc4307c","cross_seq":6166836535}]}
{"topic":"trade.BTCUSD","data":[{"trade_time_ms":1619392252236,"timestamp":"2021-04-25T23:10:52.000Z","symbol":"BTCUSD","side":"Buy","size":200,"price":48590.5,"tick_direction":"PlusTick","trade_id":"bb5d76a8-67a0-543a-b586-f5fa65d100cc","cross_seq":6166836566}]}
{"topic":"trade.BTCUSD","data":[{"trade_time_ms":1619392252267,"timestamp":"2021-04-25T23:10:52.000Z","symbol":"BTCUSD","side":"Sell","size":3,"price":48590,"tick_direction":"MinusTick","trade_id":"5a57240d-ded1-5548-83c6-b2657497c1b3","cross_seq":6166836586},{"trade_time_ms":1619392252267,"timestamp":"2021-04-25T23:10:52.000Z","symbol":"BTCUSD","side":"Sell","size":3,"price":48590,"tick_direction":"ZeroMinusTick","trade_id":"9d170350-b867-513d-97fc-a9d5de2c110a","cross_seq":6166836586},{"trade_time_ms":1619392252267,"timestamp":"2021-04-25T23:10:52.000Z","symbol":"BTCUSD","side":"Sell","size":13,"price":48590,"tick_direction":"ZeroMinusTick","trade_id":"60f490bb-76d6-5ec2-b636-c734e17ebde3","cross_seq":6166836586},{"trade_time_ms":1619392252268,"timestamp":"2021-04-25T23:10:52.000Z","symbol":"BTCUSD","side":"Sell","size":1,"price":48590,"tick_direction":"ZeroMinusTick","trade_id":"54da5942-2cc1-5865-94ae-afa3a6a20f8c","cross_seq":6166836586},{"trade_time_ms":1619392252269,"timestamp":"2021-04-25T23:10:52.000Z","symbol":"BTCUSD","side":"Sell","size":1,"price":48590,"tick_direction":"ZeroMinusTick","trade_id":"66bd16b6-be47-5cf7-8ac4-766d8477f718","cross_seq":6166836586}]}
{"topic":"trade.BTCUSD","data":[{"trade_time_ms":1619392252964,"timestamp":"2021-04-25T23:10:52.000Z","symbol":"BTCUSD","side":"Sell","size":1000,"price":48590,"tick_direction":"ZeroMinusTick","trade_id":"86fd1abc-5c1e-57e9-82a1-fe0d39c5775e","cross_seq":6166836636}]}
